@article{hore2023conformal,
  title={Conformal prediction with local weights: randomization enables local guarantees},
  author={Hore, Rohan and Barber, Rina Foygel},
  journal={arXiv preprint arXiv:2310.07850},
  year={2023}
}