@article{haussler2018probably,
  title={The probably approximately correct (PAC) and other learning models},
  author={Haussler, David and Warmuth, Manfred},
  journal={The Mathematics of Generalization},
  pages={17--36},
  year={2018},
  publisher={CRC Press}
},
@inproceedings{valiant1985learning,
  title={Learning Disjunction of Conjunctions.},
  author={Valiant, Leslie G},
  booktitle={IJCAI},
  pages={560--566},
  year={1985}
},
@article{blumer1989learnability,
  title={Learnability and the Vapnik-Chervonenkis dimension},
  author={Blumer, Anselm and Ehrenfeucht, Andrzej and Haussler, David and Warmuth, Manfred K},
  journal={Journal of the ACM (JACM)},
  volume={36},
  number={4},
  pages={929--965},
  year={1989},
  publisher={ACM New York, NY, USA}
},
@article{shawe1993bounding,
  title={Bounding sample size with the Vapnik-Chervonenkis dimension},
  author={Shawe-Taylor, John and Anthony, Martin and Biggs, NL},
  journal={Discrete Applied Mathematics},
  volume={42},
  number={1},
  pages={65--73},
  year={1993},
  publisher={Elsevier}
},
@article{natarajan1989learning,
  title={On learning sets and functions},
  author={Natarajan, Balas K},
  journal={Machine Learning},
  volume={4},
  pages={67--97},
  year={1989},
  publisher={Springer}
},
@book{vapnik2006estimation,
  title={Estimation of dependences based on empirical data},
  author={Vapnik, Vladimir},
  year={2006},
  publisher={Springer Science \& Business Media}
},
@article{haussler1987andrzej,
  title={Andrzej EHRENFEUCHT},
  author={HAUSSLER, David and WARMUTH, Manfred K},
  journal={INFORMATION PROCESSING LETTERS},
  year={1987}
}