@article{angelopoulos2023conformal,
  title={Conformal prediction: A gentle introduction},
  author={Angelopoulos, Anastasios N and Bates, Stephen and others},
  journal={Foundations and Trends{\textregistered} in Machine Learning},
  volume={16},
  number={4},
  pages={494--591},
  year={2023},
  publisher={Now Publishers, Inc.}
},
@article{shafer2008tutorial,
  title={A tutorial on conformal prediction.},
  author={Shafer, Glenn and Vovk, Vladimir},
  journal={Journal of Machine Learning Research},
  volume={9},
  number={3},
  year={2008}
},
@article{tibshirani2019conformal,
  title={Conformal prediction under covariate shift},
  author={Tibshirani, Ryan J and Foygel Barber, Rina and Candes, Emmanuel and Ramdas, Aaditya},
  journal={Advances in neural information processing systems},
  volume={32},
  year={2019}
},
@article{romano2019conformalized,
  title={Conformalized quantile regression},
  author={Romano, Yaniv and Patterson, Evan and Candes, Emmanuel},
  journal={Advances in neural information processing systems},
  volume={32},
  year={2019}
},
@article{lei2018distribution,
  title={Distribution-free predictive inference for regression},
  author={Lei, Jing and Gâ€™Sell, Max and Rinaldo, Alessandro and Tibshirani, Ryan J and Wasserman, Larry},
  journal={Journal of the American Statistical Association},
  volume={113},
  number={523},
  pages={1094--1111},
  year={2018},
  publisher={Taylor \& Francis}
},
@article{han2022split,
  title={Split localized conformal prediction},
  author={Han, Xing and Tang, Ziyang and Ghosh, Joydeep and Liu, Qiang},
  journal={arXiv preprint arXiv:2206.13092},
  year={2022}
},
@article{guan2023localized,
  title={Localized conformal prediction: A generalized inference framework for conformal prediction},
  author={Guan, Leying},
  journal={Biometrika},
  volume={110},
  number={1},
  pages={33--50},
  year={2023},
  publisher={Oxford University Press}
},
@article{hore2023conformal,
  title={Conformal prediction with local weights: randomization enables local guarantees},
  author={Hore, Rohan and Barber, Rina Foygel},
  journal={arXiv preprint arXiv:2310.07850},
  year={2023}
}