@article{argyriou2008convex,
  title={Convex multi-task feature learning},
  author={Argyriou, Andreas and Evgeniou, Theodoros and Pontil, Massimiliano},
  journal={Machine learning},
  volume={73},
  pages={243--272},
  year={2008},
  publisher={Springer}
}