@book{brocker2013representations,
  title={Representations of compact Lie groups},
  author={Br{\"o}cker, Theodor and Tom Dieck, Tammo},
  volume={98},
  year={2013},
  publisher={Springer Science \& Business Media}
}