@article{fontana2023conformal,
  title={Conformal prediction: a unified review of theory and new challenges},
  author={Fontana, Matteo and Zeni, Gianluca and Vantini, Simone},
  journal={Bernoulli},
  volume={29},
  number={1},
  pages={1--23},
  year={2023},
  publisher={Bernoulli Society for Mathematical Statistics and Probability}
},
@article{angelopoulos2023conformal,
  title={Conformal prediction: A gentle introduction},
  author={Angelopoulos, Anastasios N and Bates, Stephen and others},
  journal={Foundations and Trends{\textregistered} in Machine Learning},
  volume={16},
  number={4},
  pages={494--591},
  year={2023},
  publisher={Now Publishers, Inc.}
},
@article{shafer2008tutorial,
  title={A tutorial on conformal prediction.},
  author={Shafer, Glenn and Vovk, Vladimir},
  journal={Journal of Machine Learning Research},
  volume={9},
  number={3},
  year={2008}
},
@inproceedings{plassier2024efficient,
  title={Efficient Conformal Prediction under Data Heterogeneity},
  author={Plassier, Vincent and Kotelevskii, Nikita and Rubashevskii, Aleksandr and Noskov, Fedor and Velikanov, Maksim and Fishkov, Alexander and Horvath, Samuel and Takac, Martin and Moulines, Eric and Panov, Maxim},
  booktitle={International Conference on Artificial Intelligence and Statistics},
  pages={4879--4887},
  year={2024},
  organization={PMLR}
}